<?xml version="1.0" encoding="UTF-8"?><collection xmlns="http://www.loc.gov/MARC21/slim"><record><leader>00669nam--2200229-u-4500</leader><controlfield tag="001">000050656</controlfield><controlfield tag="002">20161230</controlfield><controlfield tag="005">20161230201048</controlfield><controlfield tag="008">080227s1000------------r-----000-0-eng-d</controlfield><datafield ind1=" " ind2=" " tag="020"><subfield code="a">0852968302</subfield></datafield><datafield ind1=" " ind2=" " tag="040"><subfield code="a">IFIN-HH</subfield></datafield><datafield ind1=" " ind2=" " tag="080"><subfield code="a">537.8:537.874.6</subfield></datafield><datafield ind1="1" ind2=" " tag="100"><subfield code="a">Borovikov,V.A</subfield></datafield><datafield ind1="1" ind2="0" tag="245"><subfield code="a">Geometrical Theory of Diffraction</subfield><subfield code="c">V.A. Borovikov; B.Ye. Kinber</subfield></datafield><datafield ind1=" " ind2=" " tag="260"><subfield code="a">London</subfield><subfield code="b">The Institution of Electrical Engineers</subfield><subfield code="c">1994</subfield></datafield><datafield ind1=" " ind2=" " tag="300"><subfield code="a">390 p</subfield></datafield><datafield ind1=" " ind2=" " tag="490"><subfield code="a">IEE Electromagnetic Waves Series</subfield><subfield code="v">Vol.37</subfield></datafield><datafield ind1=" " ind2=" " tag="504"><subfield code="a">Includes References and Index</subfield></datafield><datafield ind1=" " ind2="4" tag="650"><subfield code="a">Geometrical Theory</subfield></datafield><datafield ind1=" " ind2=" " tag="700"><subfield code="a">Kinber,B.Ye</subfield></datafield><datafield ind1=" " ind2=" " tag="852"><subfield code="a">81978</subfield><subfield code="c">537:538</subfield></datafield><datafield ind1=" " ind2=" " tag="CAT"><subfield code="a">Sys</subfield><subfield code="c">20110103</subfield><subfield code="h">122355</subfield></datafield></record></collection>